@article{blondel2013block,
  title={Block coordinate descent algorithms for large-scale sparse multiclass classification},
  author={Blondel, Mathieu and Seki, Kazuhiro and Uehara, Kuniaki},
  journal={Machine learning},
  volume={93},
  number={1},
  pages={31--52},
  year={2013},
  publisher={Springer}
}